<record><leader>00000cas a22000007a 4500</leader><controlfield tag="001">17208872</controlfield><controlfield tag="008">871209u1907uuuutxucr ne      0    0eng d</controlfield><datafield ind1=" " ind2=" " tag="010"><subfield code="a">sn 87091267 </subfield></datafield><datafield ind1=" " ind2=" " tag="040"><subfield code="a">PPM</subfield><subfield code="b">eng</subfield><subfield code="c">PPM</subfield><subfield code="d">OCLCQ</subfield></datafield><datafield ind1=" " ind2=" " tag="042"><subfield code="a">msc</subfield></datafield><datafield ind1="0" ind2=" " tag="130"><subfield code="a">Messenger (Killeen, Tex.)</subfield></datafield><datafield ind1="1" ind2="4" tag="245"><subfield code="a">The messenger.</subfield></datafield><datafield ind1=" " ind2=" " tag="260"><subfield code="a">Killeen, Tex. :</subfield><subfield code="b">W.E. Bennett</subfield></datafield><datafield ind1=" " ind2=" " tag="310"><subfield code="a">Semiweekly</subfield></datafield><datafield ind1="0" ind2=" " tag="362"><subfield code="a">Vol. 1, no. 1 (June 11, 1907)-</subfield></datafield><datafield ind1=" " ind2=" " tag="752"><subfield code="a">United States</subfield><subfield code="b">Texas</subfield><subfield code="c">Bell</subfield><subfield code="d">Killeen.</subfield></datafield><datafield ind1="1" ind2=" " tag="029"><subfield code="a">AU@</subfield><subfield code="b">000025837115</subfield></datafield></record>